<record><leader>00000cas a22000007a 4500</leader><controlfield tag="001">18317186</controlfield><controlfield tag="008">880805d19021902deudn ne      0   a0eng d</controlfield><datafield ind1=" " ind2=" " tag="010"><subfield code="a">sn 88053043 </subfield></datafield><datafield ind1=" " ind2=" " tag="040"><subfield code="a">DEX</subfield><subfield code="b">eng</subfield><subfield code="c">DEX</subfield><subfield code="d">OCL</subfield><subfield code="d">OCLCQ</subfield><subfield code="d">DLC</subfield><subfield code="d">OCLCF</subfield></datafield><datafield ind1="0" ind2=" " tag="022"><subfield code="a">2574-7029</subfield><subfield code="2">1</subfield></datafield><datafield ind1=" " ind2=" " tag="042"><subfield code="a">msc</subfield><subfield code="a">nsdp</subfield></datafield><datafield ind1=" " ind2=" " tag="043"><subfield code="a">n-us-de</subfield></datafield><datafield ind1="0" ind2="0" tag="050"><subfield code="a">Newspaper</subfield></datafield><datafield ind1="1" ind2="0" tag="082"><subfield code="a">071</subfield><subfield code="2">23</subfield></datafield><datafield ind1="0" ind2=" " tag="130"><subfield code="a">Evening Republican (Wilmington, Del.)</subfield></datafield><datafield ind1=" " ind2="4" tag="222"><subfield code="a">The evening Republican</subfield><subfield code="b">(Wilmington, Del. Print)</subfield></datafield><datafield ind1="1" ind2="4" tag="245"><subfield code="a">The evening Republican.</subfield></datafield><datafield ind1="1" ind2="3" tag="246"><subfield code="a">Daily Republican</subfield></datafield><datafield ind1=" " ind2=" " tag="260"><subfield code="a">Wilmington, Del. :</subfield><subfield code="b">Republican Print. and Pub. Co.</subfield></datafield><datafield ind1=" " ind2=" " tag="310"><subfield code="a">Daily (except Sun.)</subfield></datafield><datafield ind1="0" ind2=" " tag="362"><subfield code="a">Apr. 9, 1902-Oct. 3, 1902.</subfield></datafield><datafield ind1=" " ind2=" " tag="530"><subfield code="a">Archived issues are available in digital format from the Library of Congress Chronicling America online collection.</subfield></datafield><datafield ind1=" " ind2="0" tag="651"><subfield code="a">Wilmington (Del.)</subfield><subfield code="v">Newspapers.</subfield></datafield><datafield ind1=" " ind2="7" tag="651"><subfield code="a">Delaware</subfield><subfield code="z">Wilmington.</subfield><subfield code="2">fast</subfield><subfield code="0">(OCoLC)fst01203983</subfield></datafield><datafield ind1=" " ind2="7" tag="655"><subfield code="a">Newspapers.</subfield><subfield code="2">fast</subfield><subfield code="0">(OCoLC)fst01423814</subfield></datafield><datafield ind1=" " ind2=" " tag="752"><subfield code="a">United States</subfield><subfield code="b">Delaware</subfield><subfield code="c">New Castle</subfield><subfield code="d">Wilmington.</subfield></datafield><datafield ind1="0" ind2="8" tag="776"><subfield code="i">Online version:</subfield><subfield code="t">Evening Republican (Wilmington, Del.)</subfield><subfield code="x">2574-7037</subfield><subfield code="w">(DLC)  2017218641</subfield><subfield code="w">(OCoLC)1003045557</subfield></datafield><datafield ind1="0" ind2="0" tag="780"><subfield code="t">Wilmington daily Republican</subfield><subfield code="x">2574-7002</subfield><subfield code="w">(DLC)sn 88053055</subfield><subfield code="w">(OCoLC)18317202</subfield></datafield><datafield ind1="0" ind2="0" tag="785"><subfield code="t">Daily Republican (Wilmington, Del. : 1902)</subfield><subfield code="x">2574-7045</subfield><subfield code="w">(DLC)sn 88053056</subfield><subfield code="w">(OCoLC)18317097</subfield></datafield><datafield ind1="4" ind2="1" tag="856"><subfield code="u">http://www.loc.gov/chroniclingamerica/lccn/sn88053043/issues</subfield></datafield></record>